@misc{ecs_wiki,
  title        = "Entity Systems Wiki",
  howpublished = "http://entity-systems.wikidot.com/",
  note         = "Accessed: 2022-07-10"
}
@misc{deferred_shading,
  title        = "Deferred Shading",
  howpublished = "https://learnopengl.com/Advanced-Lighting/Deferred-Shading",
  note         = "Accessed: 2022-07-10",
  author       = "Learn OpenGL"
}
@misc{ecs_blog_def,
  title        = "Entity Systems are the future of MMOG development â€“ Part 2",
  howpublished = "http://t-machine.org/index.php/2007/11/11/entity-systems-are-the-future-of-mmog-development-part-2/",
  note         = "Accessed: 2022-07-10",
  author       = "Adam Martin"
}
